

@article{delfosse2020union,
  title={Union-Find Decoders For Homological Product Codes},
  author={Delfosse, Nicolas and Hastings, Matthew B},
  journal={arXiv preprint arXiv:2009.14226},
  year={2020}
}
@article{farrelly2020tensor,
  title={Tensor-network codes},
  author={Farrelly, Terry and Harris, Robert J and McMahon, Nathan A and Stace, Thomas M},
  journal={arXiv preprint arXiv:2009.10329},
  year={2020}
}
@article{gottesman2001encoding,
  title={Encoding a qubit in an oscillator},
  author={Gottesman, Daniel and Kitaev, Alexei and Preskill, John},
  journal={Physical Review A},
  volume={64},
  number={1},
  pages={012310},
  year={2001},
  publisher={APS}
}
@article{kovalev1212quantum,
  title={Quantum “hyperbicycle” low density parity check codes with finite rate},
  author={Kovalev, AA and Pryadko, LP},
  journal={arXiv},
  volume={1212}
}